ISA*00*          *00*          *ZZ*ABCPAYER       *ZZ*ABCPAYER       *190827*0212*^*00501*191511902*0*P*:~
GS*HP*SENDER CODE*RECEIVER CODE*20241225*0533*225426820*X*005010X221A1~
ST*835*0002~
BPR*I*132*C*CHK***********456*20190331~
REF*EV*CLEARINGHOUSE_ID~
DTM*405*20241223~
N1*PR*DELTA DENTAL OF ABC~
N3*225 MAIN STREET~
N4*CENTERVILLE*PA*17111~
REF*2U*0101~
N1*PE*PROVIDER*XX*PROVIDER2_NPI~
N3*2255 ANY ROAD~
N4*ANY CITY*CA*12211~
REF*TJ*123456789~
REF*PQ*PAYEE_ID2~
LX*1~
CLP*5554555444*1*700*500*300*12*94060555410000*11*1~
!!Loop:2110, Segment:SVC, Field: ServiceLine.paymentAmount | Claim 5554555444, line 1: Paid amount 400.00 does not match the charge amount 800.00 minus the sum of adjustments 300.00
!!Loop:2100, Segment:CLP, Field: Payment.chargeAmount | Claim 5554555444: The sum of line charge amounts 800.00 does not match the claim charge amount 700.00
!!Loop:2100, Segment:CLP, Field: Payment.paymentAmount | Claim 5554555444: The sum of line paid amounts 400.00 does not match the claim paid amount 500.00
NM1*QC*1*BUDD*WILLIAM****MI*33344555510~
SVC*HC:99211*800*400~
DTM*472*20240301~
CAS*PR*XX*300~
!!Loop:2110, Element:CAS02, Field: adjustment_reason_code | Claim Adjustment Reason Code XX is not a valid code
AMT*B6*800~
XX*B6*800~
!!Loop:2110, Segment:XX | Unknown segment 'XX' for the transaction set 835
SE*18*0002~
!!Loop:0000, Segment:SE, Field: transition_segment_count | Count  '18' in the closing segment does not match actual count '22'
GE*1*225426820~
IEA*1*191511902~
